@article{2006:gonzales,
year={2006},
journal={Multibody System Dynamics},
volume={16},
number={2},
title={A benchmarking system for MBS simulation software: Problem standardization and performance measurement},
publisher={Springer Netherlands},
author={González, M. and Dopico, D. and Lugrís, U. and Cuadrado, J.},
pages={179-190}
}

@article{1994:bayo,
year={1994},
journal={Nonlinear Dynamics},
volume={5},
number={2},
title={Singularity-free augmented Lagrangian algorithms for constrained multibody dynamics},
publisher={Kluwer Academic Publishers},
author={Bayo, E. and Avello, A.},
pages={209-231},
}

@article{1997:schiehlen,
year={1997},
journal={Multibody System Dynamics},
volume={1},
number={2},
title={Multibody System Dynamics: Roots and Perspectives},
publisher={Kluwer Academic Publishers},
author={Schiehlen, W.},
pages={149-188},
}

@article{1897:bricard,
year={1897},
journal={Journal de Mathématiques pures et appliquées},
volume={1},
number={3},
title={Mémoire sur la théorie de l'octaédre articulé},
publisher={Liouville},
author={Bricard, R.},
pages={113–148},
}

@book{ 1884:grubler,
editor = {Gr{\"u}bler, M.},
title      = {Oxford Handbook of Innovation},
booktitle = {Allgemeine Eigenschaften der zwangl{\"a}ufigen ebenen kinematischen Ketten},
publisher = {Ed. Simion},
address = {Oxford},
year = 1884
}
